@misc{wiki:osimodel,
  author = "Wikipedia",
  title = "OSI model",
  year = "2014",
  url = "\url{http://en.wikipedia.org/wiki/OSI_model}",
  note = "[Online; accessed 27-December-2014]"
}
@book{bonaventure2011computer,
  title={Computer networking: Principles, protocols, and practice},
  author={Bonaventure, Olivier},
  year={2011},
  edition={Second},
  publisher={The Saylor Foundation}
}
