@book{rockafellar1970convex,
  title={Convex analysis},
  author={Rockafellar, R Tyrrell},
  number={28},
  year={1970},
  publisher={Princeton university press}
}
@article{nesterov1998introductory,
  title={Introductory lectures on convex programming},
  author={Nesterov, Yurii},
  journal={Lecture Notes},
  pages={119--120},
  year={1998}
}
@book{nesterov2004introductory,
  title={Introductory lectures on convex optimization},
  author={Nesterov, Yurii},
  volume={87},
  year={2004},
  publisher={Springer Science \& Business Media}
}
@book{boyd2004convex,
  title={Convex optimization},
  author={Boyd, Stephen and Vandenberghe, Lieven},
  year={2004},
  publisher={Cambridge university press}
}
@book{ruszczynski2006nonlinear,
  title={Nonlinear optimization},
  author={Ruszczy{\'n}ski, Andrzej P},
  volume={13},
  year={2006},
  publisher={Princeton university press}
}
