@misc{chau2002mason,
  author = {Chau, P.C.},
  title = {{Mason's Gain Formula}},
  howpublished = "\url{http://www.cambridge.org/us/features/chau/webnotes/chap2mason.pdf}",
  year = {2002},
  note = "[Online; accessed 21-May-2014]"
}

@misc{schmid2005windup,
  author = {Schmid, Christian},
  title = {{Control system with anti-windup measure}},
  howpublished = "\url{http://www.atp.ruhr-uni-bochum.de/rt1/syscontrol/node92.html}",
  year = {2005},
  note = "[Online; accessed 21-May-2014]"
}
