@article{charnes1985foundations,
  title={Foundations of data envelopment analysis for Pareto-Koopmans efficient empirical production functions},
  author={Charnes, Abraham and Cooper, William W and Golany, Boaz and Seiford, Larry and Stutz, J},
  journal={Journal of econometrics},
  volume={30},
  number={1},
  pages={91--107},
  year={1985},
  publisher={Elsevier}
}
@article{nemirovski2004interior,
  title={Interior point polynomial time methods in convex programming},
  author={Nemirovski, Arkadi},
  journal={Lecture Notes},
  year={2004}
}
